---
---
@string {GCA = "Geochim. Cosmochim. Acta"}
@string {JAS = "J. Atmos. Sci."}
@string {PTR = "Philos. Trans. R. Soc. London, Ser. B"}
@string {CLMD= "Clim. Dyn."}
@string {DAO = "Dyn. Atmos. Ocean"}
@string {DSR = "Deep-Sea Res."}
@string {DSR1  = {Deep-Sea Res., Part I}}
@string {DSR2  = {Deep-Sea Res., Part II}}
@string {ECM = "Energy Convers. Mgmt."}
@string {EPSL= "Earth Planet. Sci. Lett"}
@string {JGR = "J. Geophys. Res."}
@string {JPO = "J. Phys. Oceanogr."}
@string {GBC = "Global Biogeochem. Cycles"}
@string {GRL = "Geophys. Res. Lett."}
@string {JC  = "J. Climate"}
@string {JCP = "J. Comput. Phys."}
@string {JMR = "J. Mar. Res."}
@string {LO  = "Limnol. Oceanogr."}
@string {MWR = "Mon. Weather Rev."}
@string {WASP= "Water, Air, Soil Pollut."}
@string {TellusA  = {Tellus, Ser.A}}
@string {TellusB = {Tellus, Ser.B}}

@Article{aumont:1998a,
  author =	 "O. Aumont and J. C. Orr and D. Jamous and P. Monfray
                  and O. Marti and G. Madec",
  title =	 {{A degradation approach to accelerate simulations to
                  steady state in a 3-D tracer transport model of the
                  global ocean}},
  journal =	 CLMD,
  year =	 1998,
  volume =	 14,
  pages =	 {101--116},
  link =
                  {https://link.springer.com/article/10.1007/s003820050212},
  pdflink =
                  {https://www.researchgate.net/profile/Gurvan_Madec/publication/225670127_A_degradation_approach_to_accelerate_simulations_to_steady-state_in_a_3-D_tracer_transport_model_of_the_global_ocean/links/0046351c2da628e4f4000000.pdf},
}

@Article{aumont:1999,
  author =	 {O. Aumont and J.C. Orr and P. Monfray and G. Madec
                  and E. Maier-Reimer},
  title =	 {{Nutrient trapping in the equatorial Pacific: the
                  ocean circulation solution}},
  journal =	 GBC,
  year =	 1999,
  volume =	 13,
  pages =	 {351-370},
  doi =		 {10.1029/1998GB900012}
} 

@Manual{aumont:1999c,
  title =	 {{Injection-HOWTO. Internal OCMIP Report}},
  author =	 {O. Aumont and J. C. Orr},
  organization = {LSCE/CEA Saclay},
  address =	 {Gif-sur-Yvette, France},
  year =	 1999,
  note =	 {17 pp.},
  link =
                  {http://ocmip5.ipsl.jussieu.fr/OCMIP/phase2/simulations/Inject/HOWTO-Inject.html},
}

@Article{aumont:2001,
  author =	 "O. Aumont and J. C. Orr and P. Monfray and W. Ludwig
                  and P. Amiotte-Suchet and J.-L. Probst",
  title =	 {Riverine-driven interhemispheric transport of
                  carbon},
  journal =	 GBC,
  year =	 2001,
  volume =	 15,
  number =	 2,
  pages =	 {393-405},
  doi =		 {10.1029/1999GB001238},
}

@article{baskaran:1993,
  author =	 {Baskaran, M. and Murphy, D.J. and Santschi, P.H. and
                  Orr, J.C. and Schink, D.R.},
  title =	 {A method for rapid in situ extraction and laboratory
                  determination of {Th, Pb, and Ra} isotopes from large
                  volumes of seawater},
  journal =	 {DSR1},
  year =	 1993,
  volume =	 40,
  number =	 4,
  pages =	 {849-865},
  doi =		 {10.1016/0967-0637(93)90075-E},
} 

@Article{bopp:2001,
  author =	 {L. Bopp and P. Monfray and O. Aumont and
                  J.-L. Dufresne and H. LeTreut and G.  Madec and
                  L. Terray and J. C. Orr},
  title =	 {Potential impact of climate change of marine export
                  production},
  journal =	 GBC,
  year =	 2001,
  volume =	 15,
  number =	 1,
  pages =	 {81--99},
  doi =		 {10.1029/1999GB001256}
}



@Article{bopp:2013,
  author =	 {Bopp, L. and Resplandy, L. and Orr, J. C. and Doney,
                  S. C. and Dunne, J. P. and Gehlen, M. and Halloran,
                  P. and Heinze, C. and Ilyina, T. and S\'ef\'erian,
                  R. and Tjiputra, J. and Vichi, M.},
  title =	 {Multiple stressors of ocean ecosystems in the 21st
                  century: projections with CMIP5 models},
  journal =	 {Biogeosciences},
  volume =	 10,
  year =	 2013,
  number =	 10,
  pages =	 {6225--6245},
  doi =		 {10.5194/bg-10-6225-2013}
}

@Article{bourgeois:2016,
  author =	 {Bourgeois, T. and Orr, J. C. and Resplandy, L. and
                  Terhaar, J. and Eth\'e, C. and Gehlen, M. and Bopp,
                  L.},
  title =	 {Coastal-ocean uptake of anthropogenic carbon},
  journal =	 {Biogeosciences},
  volume =	 13,
  year =	 2016,
  number =	 14,
  pages =	 {4167--4185},
  link =	 {https://www.biogeosciences.net/13/4167/2016/},
  pdflink =
                  {https://www.biogeosciences.net/13/4167/2016/bg-13-4167-2016.pdf},
  doi =		 {10.5194/bg-13-4167-2016}
}

@Article{caldeira:2007,
  title =	 {{Comment on ``Modern-age buildup of CO$_2$ and its
                  effects on seawater acidity and salinity'' by Hugo
                  A. Lo{\'a}iciga}},
  author =	 {Caldeira, K. and Archer, D. and Barry, J.P. and
                  Bellerby, R.G.J. and Brewer, P.G. and Cao, L. and
                  Dickson, A.G. and Doney, S.C. and Elderfield, H. and
                  Fabry, V.J. and R. A. Feely and J.-P.
                  Gattuso and P. M. Haugan and O. Hoegh-Guldberg
                  and A. K. Jain and J. A. Kleypas and C.
                  Langdon and J. C. Orr and A. Ridgwell and
                  C. L. Sabine and B. A. Seibel and
                  Y. Shirayama and C. Turley and A.
                  J. Watson and R. E. Zeebe},
  journal =	 GRL,
  volume =	 34,
  number =	 18,
  year =	 2007,
  pages =	 {L18608},
  doi =		 {10.1029/2006GL027288},
  eid =		 {L18608}
}

@Article{cicerone:2004a,
  author =	 {R. Cicerone and J. C. Orr and P. Brewer and
                  P. Haugan and L. Merlivat and T. Ohsumi and
                  S. Pantoja and H.-O. Poertner},
  title =	 {The Ocean in a High {CO$_2$} World},
  journal =	 {EOS Transactions},
  year =	 2004,
  volume =	 85,
  number =	 37,
  pages =	 351
}

@Article{cicerone:2004b,
  author =	 {R. Cicerone and J. C. Orr and P. Brewer and
                  P. Haugan and L. Merlivat and T. Ohsumi and
                  S. Pantoja and H.-O. Poertner},
  title =	 {Meeting Report: The Ocean in a High {CO$_2$} World},
  journal =	 {Oceanography},
  year =	 2004,
  volume =	 17,
  number =	 3,
  pages =	 {73--78},
  doi =		 {10.5670/oceanog.2004.35}
}

@Article{cocco:2013,
  author =	 {Cocco, V. and Joos, F. and Steinacher, M. and
                  Fr\"olicher, T. L. and Bopp, L. and Dunne, J. and
                  Gehlen, M. and Heinze, C. and Orr, J. and Oschlies,
                  A. and Schneider, B. and Segschneider, J. and
                  Tjiputra, J.},
  title =	 {Oxygen and indicators of stress for marine life in
                  multi-model global warming projections},
  journal =	 {Biogeosciences},
  volume =	 10,
  year =	 2013,
  number =	 3,
  pages =	 {1849--1868},
  url =		 {http://www.biogeosciences.net/10/1849/2013/},
  doi =		 {10.5194/bg-10-1849-2013}
}

@Article{doney:2004,
  author =	 {S.C. Doney and K. Lindsay and K. Caldeira and
                  J.-M. Campin and H. Drange and J.-C. Dutay and
                  M. Follows and Y. Gao and A. Gnanadesikan and
                  N. Gruber and A. Ishida and F. Joos and G. Madec and
                  E. Maier-Reimer and J.C. Marshall and R.J. Matear
                  and P. Monfray and A. Mouchet and R. Najjar and
                  J.C. Orr and G.-K. Plattner and J. Sarmiento and
                  R. Schlitzer and R. Slater and I.J. Totterdell and
                  M.-F. Weirig and Y. Yamanaka and A. Yool},
  title =	 {Evaluating Global Ocean Carbon Models: The
                  Importance of Realistic Physics},
  journal =	 GBC,
  year =	 2004,
  volume =	 18,
  number =	 3,
  pages =	 {GB3017},
  doi =		 {10.1029/2003GB002150},
  eid =		 {GB3017}
}

@Article{downing:1993,
  author =	 {J. P. Downing and M. Meybeck and J. C. Orr
                  and R. R. Twilley and H. W. Scharpenseel},
  title =	 {Land and water interface zones},
  journal =	 {Water, Air, Soil Pollut.},
  year =	 1993,
  volume =	 70,
  number =	 {1-4},
  pages =	 {123--137},
  doi =		 {10.1007/bf01104992},
}

@Article{dufour:2012,
  author =	 {C. O. Dufour and Le Sommer, J. and J. D. Zika and
                  M. Gehlen and J. C. Orr and P. Mathiot and B.
                  Barnier},
  title =	 {Standing and Transient Eddies in the Response of the
                  Southern Ocean Meridional Overturning to the
                  Southern Annular Mode},
  journal =	 {J. Climate},
  year =	 2012,
  volume =	 25,
  pages =	 {6958--6974},
  doi =		 {10.1175/JCLI-D-11-00309.1},
}

@Article{dufour:2013,
  author =	 {Dufour, C. O. and J. Le Sommer and M. Gehlen and
                  J. C. Orr and J.-M. Molines and J. Simeon and
                  B. Barnier},
  title =	 {Eddy compensation and controls of the enhanced
                  sea-to-air {CO2} flux during positive phases of the
                  Southern Annular Mode},
  journal =	 {Global Biogeochem. Cycles},
  year =	 2013,
  volume =	 27,
  pages =	 {950--961},
  doi =		 {10.1002/gbc.20090}
}

@Manual{dutay:2001,
  title =	 {{Helium HOWTO. Internal OCMIP Report}},
  author =	 {J.-C. Dutay and M.-F. Weirig and P. Jean-Baptiste
                  and E. Maier-Reimer and J. C. Orr},
  organization = {LSCE/CEA Saclay},
  address =	 {Gif-sur-Yvette, France},
  year =	 2001,
  note =	 {11 pp.},
  link =
                  {http://ocmip5.ipsl.jussieu.fr/OCMIP/phase2/simulations/Helium/HOWTO-Helium.html},
}

@Article{dutay:2002,
  author =	 {J.-C. Dutay and J. Bullister and S. C. Doney and
                  J. C. Orr and R. G. Najjar and K. Caldeira and
                  J.-M. Campin and H. Drange and M. Follows and Y. Gao
                  and N. Gruber and M. W. Hecht and A. Ishida and
                  F. Joos and K. Lindsay and G. Madec and
                  E. Maier-Reimer and J. C. Marshall and R. Matear and
                  P. Monfray and A. Mouchet and G. K. Plattner and
                  J. L. Sarmiento and R. Schlitzer and R. D. Slater
                  and I. J. Totterdell and M.-F. Weirig and
                  Y. Yamanaka and A. Yool},
  title =	 {Evaluation of ocean model ventilation with {CFC}-11:
                  {C}omparison of 13 global ocean models},
  journal =	 {Ocean Model.},
  year =	 2002,
  volume =	 4,
  number =	 2,
  pages =	 {89-120},
  doi =		 {10.1016/S1463-5003(01)00013-0}
}

@Article{dutay:2004,
  author =	 {J.-C. Dutay and P. Jean-Baptiste and J.-M. Campin
                  and A. Ishida and E. Maier-Reimer and R.J. Matear
                  and A. Mouchet and I.J. Totterdell and Y. Yamanaka
                  and K. Rodgers and G. Madec and J.C. Orr.},
  title =	 {Evaluation of {OCMIP-2} ocean models' deep
                  circulation with mantle helium-3},
  journal =	 {J. Mar. Systems},
  year =	 2004,
  volume =	 48,
  number =	 {1--4},
  pages =	 {15--36},
  doi =		 {10.1016/j.jmarsys.2003.05.010}
}

@Article{fabry:2008,
  title =	 {Impacts of ocean acidification on marine fauna and
                  ecosystem processes},
  author =	 {Fabry, V.J. and Seibel, B.A. and Feely, R.A. and
                  Orr, J.C.},
  journal =	 {ICES J. Mar. Sci.},
  volume =	 65,
  number =	 3,
  pages =	 414,
  doi =		 {10.1093/icesjms/fsn048},
  year =	 2008,
}

@Article{feely:2008,
  title =	 {Present and future changes in seawater chemistry due
                  to ocean acidification},
  author =	 {Feely, R.A. and Orr, J. C. and Fabry, V. J. and
                  Kleypas, J. A. and Sabine, C. L. and Langdon, C.},
  journal =	 {AGU Monograph on ``The Science and Technology of
                  Carbon Sequestration''},
  doi =		 {10.1029/2005GM000337},
  year =	 2008
}

@Article{friedlingstein:2001,
  author =	 {P. Friedlingstein and L. Bopp and P.  Ciais and
                  J.-L. Dufresne and L. Fairhead and H. LeTreut and
                  P. Monfray and J.  C. Orr},
  title =	 {Positive feedback between future climate change and
                  the carbon cycle},
  journal =	 GRL,
  year =	 2001,
  volume =	 28,
  number =	 8,
  pages =	 {1543--1546},
  doi =		 {10.1029/2000GL012015},
}

@misc{gattuso:2018,
  author =	 {Gattuso, J.-P. and Epitalon, J.-M. and Lavigne,
                  H. and Orr, J. C.},
  title =	 {seacarb seawater carbonate chemistry with {R}, {R}
                  package version 3.2.8},
  year =	 2018,
  link =	 {http://CRAN.R-project.org/package=seacarb},
  code =	 {https://github.com/jpgattuso/seacarb-git},
}

@article{gehlen:2014,
  author =	 {Gehlen, M. and S{\'e}f{\'e}rian, R. and Jones,
                  D.O.B. and Roy, T. and Roth, R. and Barry, J. and
                  Bopp, L. and Doney, S.C. and Dunne, J.P. and Heinze,
                  C. and Joos, F. and Orr, J.C. and Resplandy, L. and
                  Segschneider, J. and Tjiputra, J.},
  title =	 {Projected pH reductions by 2100 might put deep North
                  Atlantic biodiversity at risk},
  journal =	 {Biogeosciences},
  year =	 2014,
  volume =	 11,
  number =	 23,
  pages =	 {6955-6967},
  doi =		 {10.5194/bg-11-6955-2014},
}

@Article{griffies:2016,
  author =	 {Griffies, S. M. and Danabasoglu, G. and Durack,
                  P. J. and Adcroft, A. J. and Balaji, V. and
                  B\"oning, C. W. and Chassignet, E. P. and
                  Curchitser, E. and Deshayes, J. and Drange, H. and
                  Fox-Kemper, B. and Gleckler, P. J. and Gregory,
                  J. M. and Haak, H. and Hallberg, R. W. and Heimbach,
                  P. and Hewitt, H. T. and Holland, D. M. and Ilyina,
                  T. and Jungclaus, J. H. and Komuro, Y. and Krasting,
                  J. P. and Large, W. G. and Marsland, S. J. and
                  Masina, S. and McDougall, T. J. and Nurser,
                  A. J. G. and Orr, J. C. and Pirani, A. and Qiao,
                  F. and Stouffer, R. J. and Taylor, K. E. and
                  Treguier, A. M. and Tsujino, H. and Uotila, P. and
                  Valdivieso, M. and Wang, Q. and Winton, M. and
                  Yeager, S. G.},
  title =	 {OMIP contribution to CMIP6: experimental and
                  diagnostic protocol for the physical component of
                  the Ocean Model Intercomparison Project},
  journal =	 {Geosci. Model Dev.},
  year =	 2016,
  pages =	 {3231--3296},
  doi =		 {10.5194/gmd-9-3231-2016},
  volume =	 9
}

@Article{guinotte:2006,
  author =	 {J. M. Guinotte and J. C. Orr and S. Cairns and
                  A. Freiwald and L. Morgan and R. George},
  title =	 {Will human-induced changes in seawater chemistry
                  alter the distribution of deep-sea scleractinian
                  corals},
  journal =	 {Front. Ecol. Environ.},
  year =	 2006,
  volume =	 4,
  number =	 3,
  pages =	 {141--146},
  doi =		 {10.1890/1540-9295(2006)004[0141:WHCISC]2.0.CO;2},
}

@article{hilmi:2014,
  title =	 {Exposure of {Mediterranean} countries to ocean
                  acidification},
  journal =	 {Water},
  year =	 2014,
  volume =	 6,
  number =	 6,
  pages =	 {1719-1744},
  author =	 {Hilmi, N. and Allemand, D. and Cinar, M. and Cooley,
                  S. and Hall-Spencer, J.M. and Haraldsson, G. and
                  Hattam, C. and Jeffree, R.A. and Orr, J.C. and
                  Rehdanz, K. and Reynaud, S. and Safa, A. and Dupont,
                  S.},
  doi =		 {10.3390/w6061719},
}

@Article{joos:1997,
  author =	 "F. Joos and J. C. Orr and U. Siegenthaler",
  title =	 "Ocean carbon transport in a box-diffusion versus a
                  general circulation model",
  journal =	 JGR,
  year =	 1997,
  volume =	 102,
  number =	 {C6},
  pages =	 "12367--12388",
  doi =		 {10.1029/97JC00470},
}

@article{kwiatkowski:2018,
  author =	 {L. Kwiatkowski and J. C. Orr},
  title =	 {Diverging seasonal extremes for ocean acidification
                  during the twenty-first century},
  year =	 2018,
  journal =	 {Nature Climate Change},
  volume =	 8,
  number =	 2,
  pages =	 {141--145},
  doi =		 {10.1038/s41558-017-0054-0},
  link =	 {https://www.nature.com/articles/s41558-017-0054-0}
}

@Article{lachkar:2007,
  author =	 {Z. Lachkar and J. C. Orr and J.-C. Dutay and P.
                  Delecluse},
  title =	 {Effects of mesoscale eddies on global ocean
                  distributions of {CFC}-11, {CO}<sub>2</sub>, and
                  $\Delta$<sup>14</sup>{C}},
  journal =	 {Ocean Sci.},
  volume =	 3,
  year =	 2007,
  number =	 4,
  pages =	 {461--482},
  url =		 {http://www.ocean-sci.net/3/461/2007/},
  doi =		 {10.5194/os-3-461-2007},
  issn =	 {1812-0784}
}

@Article{lachkar:2009,
  title =	 {On the role of mesoscale eddies in the ventilation
                  of Antarctic intermediate water},
  author =	 {Lachkar, Z. and Orr, J. C and Dutay,
                  J.-C. and Delecluse, P.},
  journal =	 {Deep-Sea Res. Part I Oceanogr. Res. Pap.},
  volume =	 56,
  number =	 6,
  pages =	 {909--925},
  year =	 2009,
  doi =		 {10.1016/j.dsr.2009.01.013},
}

@Article{lachkar:2009b,
  title =	 {Seasonal and mesoscale variability of oceanic
                  transport of anthropogenic CO<sub>2</sub>},
  author =	 {Lachkar, Z. and Orr, J. C. and Dutay, J.-C.},
  journal =	 {Biogeosciences},
  volume =	 6,
  number =	 11,
  pages =	 {2509--2523},
  year =	 2009,
  doi =		 {10.5194/bg-6-2509-2009},
}

@Article{leboucher:1999,
  author =	 {V. Leboucher and J. C. Orr and P. Jean-Baptiste and
                  P. Monfray and N. Tisnerat-Laborde and A. Poisson
                  and J. C. Duplessy},
  title =	 {Oceanic radiocarbon between {Antarctica} and {South
                  Africa} along {WOCE} section {I6} at
                  30<sup>$\circ$</sup>{E}},
  journal =	 {Radiocarbon},
  year =	 1999,
  volume =	 41,
  number =	 1,
  pages =	 {51--73},
  link =
                  {https://www.cambridge.org/core/journals/radiocarbon/article/oceanic-radiocarbon-between-antarctica-and-south-africa-along-woce-section-16-at-30e/DC374F2CA739F83732099F06865416A3},
  pdflink =
                  {https://www.cambridge.org/core/services/aop-cambridge-core/content/view/DC374F2CA739F83732099F06865416A3/S0033822200019330a.pdf/oceanic_radiocarbon_between_antarctica_and_south_africa_along_woce_section_16_at_30e.pdf}
}

@Article{lequere:2000,
  author =	 {C. {Le Qu\'er\'e} and J. C. Orr and P.  Monfray and
                  O. Aumont and G. Madec},
  title =	 {{Interannual variability of the oceanic sink of
                  {CO}<sub>2</sub> from 1979 to 1997}},
  journal =	 GBC,
  year =	 2000,
  volume =	 14,
  number =	 4,
  pages =	 {1247--1265},
  doi =		 {10.1029/1999GB900049}
}

@Article{lequere:2003,
  author =	 {Corinne {Le Qu\'er\'e} and Olivier Aumont and
                  Patrick Monfray and J. C. Orr},
  title =	 {Propagation of climatic events on ocean
                  stratification, marine biology, and {CO}<sub>2</sub>: Case
                  studies over the 1979--1999 period},
  journal =	 {J. Geophys. Res.},
  year =	 2003,
  volume =	 108,
  number =	 12,
  doi =		 {10.1029/2003GL016867},
  eid =		 1479,
  pages =	 {1479}
}

@Article{matsumoto:2004,
  author =	 {K. Matsumoto and J. L. Sarmiento and R. M. Key and
                  O. Aumont and J. L. Bullister and K. Caldeira and
                  J.-M. Campin and S. C. Doney and H. Drange and
                  J.-C. Dutay and M. Follows and Y. Gao and
                  A. Gnanadesikan and N. Gruber and A. Ishida and
                  F. Joos and K. Lindsay and E. Maier-Reimer and
                  J. C. Marshall and R. J. Matear and P. Monfray and
                  A. Mouchet and R. Najjar and G.-K. Plattner and
                  R. Schlitzer and R. Slater and P. S. Swathi and
                  I. J. Totterdell and M.-F. Weirig and Y. Yamanaka
                  and A. Yool and J. C. Orr},
  title =	 {Evaluation of ocean carbon cycle models with
                  data-based metrics},
  journal =	 GRL,
  year =	 2004,
  volume =	 31,
  number =	 7,
  pages =	 {L07303},
  doi =		 {10.1029/2003GL018970}
}

@article{naegler:2007,
  title =	 {On evaluating ocean models with atmospheric potential oxygen},
  author =	 {Naegler, T. and Ciais, P. and Orr, J. C.
                  and Aumont, O. and R{\"O}denbeck, C.},
  journal =	 {Tellus B},
  volume =	 59,
  number =	 1,
  pages =	 {138--156},
  year =	 2007,
  doi =		 {10.1111/j.1600-0889.2006.00242.x},
}

@Article{najjar:1998,
  title =	 {Design of OCMIP-2 simulations of
                  chlorofluorocarbons, the solubility pump and common
                  biogeochemistry},
  author =	 {Najjar, R and Orr, J. C.},
  journal =	 {Internal OCMIP Report, LSCE/CEA Saclay,
                  Gif-sur-Yvette, France},
  year =	 1998,
  link =
                  {http://ocmip5.ipsl.fr/documentation/OCMIP/phase2/simulations/design.ps}
}

@Manual{najjar:1999,
  title =	 {{Biotic-HOWTO. Internal OCMIP Report}},
  author =	 {R. Najjar and J. C. Orr},
  organization = {LSCE/CEA Saclay},
  address =	 {Gif-sur-Yvette, France},
  year =	 1999,
  pages =	 {15 pp.},
  link =
                  {http://ocmip5.ipsl.jussieu.fr/OCMIP/phase2/simulations/Biotic/HOWTO-Biotic.html},
}

@Article{najjar:2007,
  title =	 {Impact of circulation on export production,
                  dissolved organic matter, and dissolved oxygen in
                  the ocean: Results from Phase II of the Ocean
                  Carbon-cycle Model Intercomparison Project
                  (OCMIP-2)},
  author =	 {Najjar, R. G. and Jin, X and Louanchi, F and Aumont,
                  O. and Caldeira, K. and Doney, S. C.  and Dutay,
                  J.-C. and Follows, M. and Gruber, N.  and Joos,
                  F. and K. Lindsay and E. Maier-Reimer and
                  R. J. Matear and K. Matsumoto and P. Monfray and
                  A. Mouchet and J. C. Orr and G.-K. Plattner and
                  J. L. Sarmiento and R. Schlitzer and R. D. Slater
                  and M.-F. Weirig ad Y. Yamanaka and A. Yool},
  journal =	 {Global Biogeochem. Cycles},
  volume =	 21,
  number =	 3,
  year =	 2007,
  pages =	 {GB3007},
  doi =		 {10.1029/2006GB002857}
}

@Article{nisumaa:2010,
  author =	 {Nisumaa, A.-M. and Pesant, S. and Bellerby,
                  R. G. J. and Delille, B. and Middelburg, J. J. and
                  Orr, J. C. and Riebesell, U. and Tyrrell, T. and
                  Wolf-Gladrow, D. and Gattuso, J.-P.},
  title =	 {{EPOCA/EUR-OCEANS} data compilation on the biological
                  and biogeochemical responses to ocean acidification},
  journal =	 {Earth System Science Data},
  volume =	 2,
  year =	 2010,
  number =	 2,
  pages =	 {167--175},
  doi =		 {10.5194/essd-2-167-2010}
}

@Article {orr:1985,
  author =	 {Orr, J. C. and Guinasso, Norman L. and Schink,
                  David R.},
  title =	 {<sup>222</sup>Rn surpluses in warm-core rings},
  journal =	 {J. Geophys. Res.},
  volume =	 90,
  number =	 {C5},
  pages =	 {8903--8916},
  doi =		 {10.1029/JC090iC05p08903},
  year =	 1985,
}

@Article {orr:1988,
  author =	 {Orr, J. C.},
  title =	 {Evaluation of counting methods for oceanic
                  radium-228},
  journal =	 JGR,
  volume =	 93,
  number =	 {C7},
  issn =	 {2156-2202},
  pages =	 {8265--8278},
  doi =		 {10.1029/JC093iC07p08265},
  year =	 1988,
}

@Article{orr:1992,
  author =	 "J. C. Orr and J. L. Sarmiento",
  title =	 {{Potential of marine macroalgae as a sink for
                  {CO}<sub>2</sub>: constraints from a 3-D general
                  circulation model of the global ocean}},
  journal =	 WASP,
  year =	 1992,
  volume =	 64,
  pages =	 "405--421",
  doi =		 {10.1007/BF00477113},
}

@Article{orr:1992b,
  author =	 {J. C. Orr},
  title =	 {The deep-six fix again},
  journal =	 {Nature},
  year =	 1992,
  volume =	 357,
  number =	 6376,
  pages =	 {283--284},
  doi =		 {10.1038/357283a0},
  url =		 {http://dx.doi.org/10.1038/357283a0},
}

@Article{orr:1993,
  author =	 "J. C. Orr",
  title =	 {{Accord between ocean models predicting uptake of
                  anthropogenic {CO}<sub>2</sub>}},
  journal =	 WASP,
  year =	 1993,
  volume =	 70,
  pages =	 "465--481",
  doi =		 {10.1007/BF01105016}
}

@Incollection{orr:1996,
  author =	 "J. C. Orr",
  title =	 {{The Ocean Carbon-Cycle Intercomparison Project of
                  IGBP/GAIM}},
  booktitle =	 {{Ocean Storage of Carbon Dioxide: }},
  series =	 {{Workshop 3 -- International Links and Concerns}},
  editor =	 {W. Ormerod},
  year =	 1996,
  publisher =	 {{CRE Group Ltd.}},
  address =	 {Cheltenham GL52 4RZ, UK},
  pages =	 {33--52},
  note =	 {IEA Greenhouse Gas R&D Programme, ISBN 1 898373 04
                  3},
}

@Manual{orr:1998e,
  title =	 {{CFC-HOWTO. Internal OCMIP Report}},
  author =	 {J. C. Orr and J.-Cl. Dutay and R. Najjar and
                  J. Bullister and P. Brockmann},
  organization = {LSCE/CEA Saclay},
  address =	 {Gif-sur-Yvette, France},
  year =	 1999,
  pages =	 {12 pp.},
  link =
                  {http://ocmip5.ipsl.jussieu.fr/OCMIP/phase2/simulations/CFC/HOWTO-CFC.html}
}

@InProceedings{orr:1999e,
  author =	 {J. C. Orr and O. Aumont},
  title =	 {Exploring the capacity of the ocean to retain
                  artificially sequestered {CO}<sub>2</sub>},
  booktitle =	 {Greenhouse Gas Control Technologies},
  editor =	 {B. Eliasson, P. Reimer, and A. Wokaun},
  year =	 1999,
  publisher =	 {Elsevier Science Ltd.},<
  pages =	 {281-286}
}

@Article{orr:1999f,
  author =	 "J. C. Orr",
  title =	 {On ocean carbon-cycle model comparison},
  journal =	 {Tellus},
  volume =	 {{51B}},
  pages =	 "509-510",
  year =	 1999,
  doi =		 {10.3402/tellusb.v51i2.16334},
  pdflink =
                  {https://www.tandfonline.com/doi/pdf/10.3402/tellusb.v51i2.16334},
}

@Article{orr:1999g,
  author =	 {J. C. Orr},
  title =	 {Ocean circulation and the {Ocean Carbon-Cycle Model
                  Intercomparison Project}},
  journal =	 {International {WOCE} Newsletter},
  year =	 1999,
  volume =	 35,
  pages =	 {24-25},
  pdflink =
                  {https://www.nodc.noaa.gov/woce/woce_v3/wocedata_1/wocedocs/newsltr/news35/news35.pdf},
}

@Manual{orr:1999j,
  title =	 {{Abiotic-HOWTO. Internal OCMIP Report}},
  author =	 {J. C. Orr and R. Najjar and C. L. Sabine and
                  F. Joos},
  organization = {LSCE/CEA Saclay},
  address =	 {Gif-sur-Yvette, France},
  year =	 1999,
  pages =	 {25 pp.},
  link =
                  {http://ocmip5.ipsl.jussieu.fr/OCMIP/phase2/simulations/Abiotic/HOWTO-Abiotic.html}
}

@Article{orr:2001,
  author =	 {J. C. Orr and P. Monfray and E. Maier-Reimer and
                  U. Mikolajewicz and J. Palmer and N. K. Taylor and
                  J. R. Toggweiler and J. L. Sarmiento and C. Le
                  {Qu\'er\'e} and N. Gruber and C. L. Sabine and
                  R. M. Key and J. Boutin},
  title =	 {Estimates of anthropogenic carbon uptake from four
                  three-dimensionsal global ocean models},
  journal =	 GBC,
  volume =	 15,
  number =	 1,
  pages =	 {43--60},
  year =	 2001,
  doi =		 {10.1029/2000GB001273},
}

@TechReport{orr:2003b,
  author =	 {J. C. Orr},
  title =	 {Global ocean storage of anthropogenic carbon},
  institution =	 {LSCE},
  year =	 2003,
  type =	 {Final EU Report},
  number =	 {2nd edition},
  address =	 {CEA/Saclay, France },
  month =	 {November},
  pdflink =
                  {http://ocmip5.ipsl.jussieu.fr/OCMIP/reports/GOSAC_finalreport_lores.pdf}
}

@Article{orr:2005,
  author =	 {J. C. Orr and V. J. Fabry and O.
                  Aumont and L. Bopp and S. C. Doney and
                  R. A. Feely and A. Gnanadesikan and N.
                  Gruber and A. Ishida and F. Joos and R.
                  M. Key and K. Lindsay and E. Maier-Reimer and
                  R. Matear and P. Monfray and A. Mouchet
                  and R. G. Najjar and G.-K. Plattner and K.
                  B. Rodgers and C. L. Sabine and J.
                  L. Sarmiento and R. Schlitzer and R.
                  D. Slater and Ian J. Totterdell and M.-F.
                  Weirig and Y. Yamanaka and A. Yool},
  title =	 {Anthropogenic ocean acidification over the
                  twenty-first century and its impact on calcifying
                  organisms},
  journal =	 {Nature},
  year =	 2005,
  volume =	 437,
  pages =	 {681--686},
  doi =		 {10.1038/nature04095},
  pdflink =	 {http://epic.awi.de/13479/1/Orr2005a.pdf},
}

@Article{orr:2005b,
  author =	 {J. C. Orr and S. Pantoja and H.-O.
                  P\"ortner},
  title =	 {The Ocean in a High-CO$_2$ World: An Introduction},
  journal =	 JGR,
  year =	 2005,
  volume =	 110,
  pages =	 {C09S01},
  doi =		 {10.1029/2005JC003086},
  eid =		 C09S01
}

@InCollection{orr:2011,
  author =	 {J. C. Orr},
  title =	 {Recent and future changes in ocean carbonate
                  chemistry},
  booktitle =	 {Ocean Acidification},
  pages =	 {41--66},
  publisher =	 {Oxford Univ. Press},
  year =	 2011,
  editor =	 {J.-P. Gattuso and L. Hansson},
  chapter =	 3,
  link =
                  {https://books.google.fr/books?hl=en&lr=&id=8yjNFxkALjIC&oi=fnd&pg=PA41&dq=Recent+and+future+changes+in+ocean+carbonate+chemistry&ots=Nhr_NP9pX_&sig=eQBukGWvQ8MGB0yWtP-tN9i_AFQ&redir_esc=y#v=onepage&q=Recent%20and%20future%20changes%20in%20ocean%20carbonate%20chemistry&f=false}
}

@Article{orr:2015a,
  author =	 {J. C. Orr and J.-M. Epitalon},
  title =	 {Improved routines to model the ocean carbonate
                  system: mocsy 2.0},
  journal =	 {Geosci. Model Dev.},
  year =	 2015,
  volume =	 8,
  pages =	 {485--499},
  doi =		 {10.5194/gmd-8-485-2015},
  code =	 {https://github.com/jamesorr/mocsy},
}

@Article{orr:2015b,
  author =	 {J. C. Orr and J.-P. Gattuso and J.-M.
                  Epitalon},
  title =	 {Comparison of ten packages that compute ocean
                  carbonate chemistry},
  journal =	 {Biogeosciences},
  year =	 2015,
  volume =	 12,
  pages =	 {1483-1510},
  doi =		 {10.5194/bg-12-1483-2015}
}


@Article{orr:2017,
  author =	 {Orr, J. C. and Najjar, R. G. and Aumont, O. and
                  Bopp, L. and Bullister, J. L. and Danabasoglu,
                  G. and Doney, S. C. and Dunne, J. P. and Dutay,
                  J.-C. and Graven, H. and Griffies, S. M. and John,
                  J. G. and Joos, F. and Levin, I. and Lindsay, K. and
                  Matear, R. J. and McKinley, G. A. and Mouchet,
                  A. and Oschlies, A. and Romanou, A. and Schlitzer,
                  R. and Tagliabue, A. and Tanhua, T. and Yool, A.},
  title =	 {Biogeochemical protocols and diagnostics for the
                  CMIP6 Ocean Model Intercomparison Project (OMIP)},
  journal =	 {Geosci. Model Dev.},
  volume =	 10,
  year =	 2017,
  number =	 6,
  pages =	 {2169--2199},
  doi =		 {12.5194/gmd-10-2169-2017}
}

@article{orr:2018,
  author =	 {J. C. Orr and J.-M. Epitalon and A. G. Dickson and
                  J.-P. Gattuso},
  title =	 {Routine uncertainty propagation for the marine
                  carbon dioxide system},
  journal =	 {Mar. Chem.},
  year =	 2018,
  pages =	 {in press},
  doi =		 {https://doi.org/10.1016/j.marchem.2018.10.006}
}

@Article{raynaud:2006,
  author =	 {S. Raynaud and J. C. Orr and O. Aumont
                  and K. B. Rodgers and P. Yiou},
  title =	 {Interannual-to-decadal variability of {North
                  Atlantic} air-sea {CO}<sub>2</sub> fluxes},
  journal =	 {Ocean Sci.},
  year =	 2006,
  volume =	 2,
  pages =	 <{43-60},
  doi =		 {10.5194/os-2-43-2006},
  note =	 {http://www.copernicus.org/EGU/os/os.html}
}

@article{richon:2018,
  author =	 {Richon, C. and Dutay, J.-C. and Bopp, L. and Le Vu,
                  B. and Orr, J. C. and Somot, S. and Dulac, F.},
  title =	 {Biogeochemical response of the Mediterranean Sea to
                  the transient SRES-A2 climate change scenario},
  journal =	 {Biogeosciences Discuss.},
  year =	 2018,
  pages =	 {1--42},
  url =		 {https://www.biogeosciences-discuss.net/bg-2018-208/},
  doi =		 {10.5194/bg-2018-208}
}

@Article{rodgers:2004,
  author =	 {K. B. Rodgers and O. Aumont and G. Madec
                  and C. Menkes and B. Blanke and P.
                  Monfray and J. C. Orr and D. P. Schrag},
  title =	 {Radiocarbon as a thermocline proxy for the eastern
                  equatorial {Pacific}},
  journal =	 GRL,
  year =	 2004,
  volume =	 31,
  pages =	 {L14314},
  doi =		 {10.1029/2004GL019764},
  eid =		 {L14314}
}

@article{sarmiento:1991,
  author =	 {Sarmiento, J.L. and Orr, J.C.},
  title =	 {Three-dimensional simulations of the impact of
                  Southern Ocean nutrient depletion on atmospheric CO2
                  and ocean chemistry},
  journal =	 {Limnology \& Oceanography},
  year =	 1991,
  volume =	 36,
  number =	 8,
  pages =	 {1928-1950},
  doi =		 {10.4319/lo.1991.36.8.1928},
}

@Article{sarmiento:2000,
  author =	 {J. L. Sarmiento and P. Monfray and E. Maier-Reimer
                  and O. Aumont and R. Murnane and J. C. Orr},
  title =	 {Sea-air {CO}<sub>2</sub> fluxes and carbon
                  transport: {A} comparison of three ocean general
                  circulation models},
  journal =	 GBC,
  year =	 2000,
  volume =	 14,
  number =	 4,
  pages =	 {1267--1281},
  doi =		 {10.1029/1999GB900062},
}

@Article{seferian:2016,
  author =	 {S\'ef\'erian, R. and Gehlen, M. and Bopp, L. and
                  Resplandy, L. and Orr, J. C. and Marti, O. and
                  Dunne, J. P. and Christian, J. R. and Doney,
                  S. C. and Ilyina, T. and Lindsay, K. and Halloran,
                  P. and Heinze, C. and Segschneider, J. and Tjiputra,
                  J. and Aumont, O. and Romanou, A.},
  title =	 {Inconsistent strategies to spin up models in CMIP5:
                  implications for ocean biogeochemical model
                  performance assessment},
  journal =	 {Geosci. Model Dev.},
  volume =	 9,
  year =	 2016,
  pages =	 {1827--1851},
  doi =		 {10.5194/gmd-9-1827-2016},
}

@Article{sos:1992,
  author =	 "J. L. Sarmiento and J. C. Orr and U. Siegenthaler",
  title =	 {{A perturbation simulation of {CO}<sub>2</sub> uptake in an
                  ocean general circulation model}},
  journal =	 JGR,
  year =	 1992,
  volume =	 97,
  pages =	 "3621-3645",
  doi =		 {10.1029/91JC02849}
} 

@Article{taylor:2000,
  author =	 {J. A. Taylor and J. C. Orr},
  title =	 {The natural latitudinal distribution of atmospheric
                  {CO}<sub>2</sub>},
  journal =	 {Global and Planetary Change},
  year =	 2000,
  volume =	 26,
  number =	 4,
  doi =		 {10.1016/S0921-8181(00)00050-3},
  page =	 {375--386},
}

@article{terhaar:2018,
  author =	 {Terhaar, J. and Orr, J. C. and Gehlen, M. and
                  Eth\'e, C. and Bopp, L.},
  title =	 {Model constraints on the anthropogenic carbon budget
                  of the Arctic Ocean},
  journal =	 {Biogeosciences Discuss.},
  year =	 2018,
  pages =	 {1--36},
  url =		 {https://www.biogeosciences-discuss.net/bg-2018-283/},
  doi =		 {10.5194/bg-2018-283}
}

@InCollection{watson:2003,
  author =	 {A. J. Watson and J. C. Orr},
  title =	 {Carbon dioxide fluxes in the global ocean},
  booktitle =	 {Ocean Biogeochemistry: the Role of the Ocean Carbon
                  Cycle in Global Change (a JGOFS Synthesis)},
  pages =	 {123--141},
  publisher =	 {Springer},
  year =	 2003,
  editor =	 {M. Fasham, J. Field, T. Platt, and
                  B. Zeitzschel},
  chapter =	 5,
  address =	 {Berlin},
  doi =		 {10.1007/978-3-642-55844-3_6},
}

@Incollection{toggweiler:1993,
  title =	 {Summary of Workshop on Dissolved Organic Carbon in
                  the Ocean},
  author =	 {Toggweiler, J. R. and Orr, J. C.},
  booktitle =	 {The Global Carbon Cycle},
  series =	 {NATO ASI Series (Series I: Global Environmental
                  Change)},
  volume =	 15,
  pages =	 {583--584},
  year =	 1993,
  publisher =	 {Springer},
  doi =		 {10.1007/978-3-642-84608-3_26}
}
